% This file was created with JabRef 2.9.2.
% Encoding: UTF8

@BOOK{Proc,
	title = {Recovery of relative depth from a single observation using an uncalibrated (real-aperture) camera},
	publisher = {CVPR},
	year = {2008},
	author = {V. P. Namboodiri, S. Chaudhuri}
}

@BOOK{Optics,
	title = {Optics (4th Edition)},
	publisher = {Addison Wesley},
	year = {2001},
	author = {E. Hecht}
}

@BOOK{IEEE,
	title = {A computational approach to edge detection},
	publisher = {IEEE Trans.},
	year = {1986},
	pages = {679-698},
	author = {J. Canny}
}

@BOOK{ACM,
	title = {Digital photography with flash and no-flash image pairs},
	publisher = {ACM Trans},
	year = {2004},
	pages = {664-672},
	author = {G. Petschnigg, R. Szeliski}
}

@BOOK{ACM2,
	title = {Colorization using optimization},
	publisher = {ACM Trans},
	year = {2004},
	pages = {689-694},
	author = {A. Levin, D. Lischinski, Y.Weiss}
}

@BOOK{IEEE2,
	title = {closed-form solution to natural image matting},
	publisher = {IEEE Trans.},
	year = {2008},
	pages = {228-242},
	author = {A. Levin, D. Lischinski, Y. Weiss}
}

@ARTICLE{camera,
	title = {Taking Photos},
	url = {https://developer.android.com/training/camera/photobasics.html#TaskPhotoView}
}


@comment{jabref-meta: selector_publisher:}

@comment{jabref-meta: selector_author:}

@comment{jabref-meta: selector_journal:}

@comment{jabref-meta: selector_keywords:}

